@book{boarnet_travel_2001,
    address = {Oxford, England},
    title = {Travel by {Design}: {The} {Influence} of {Urban} {Form} on {Travel}},
    isbn = {978-0-19-512395-1},
    language = {English},
    publisher = {Oxford University Press},
    author = {Boarnet, Marlon G. and Crane, Randall},
    year = {2001}
}

@article{boeing_off_2021,
    title = {Off the {Grid}… and {Back} {Again}? {The} {Recent} {Evolution} of {American} {Street} {Network} {Planning} and {Design}},
    volume = {87},
    issn = {0194-4363, 1939-0130},
    doi = {10.1080/01944363.2020.1819382},
    number = {1},
    journal = {Journal of the American Planning Association},
    author = {Boeing, Geoff},
    year = {2021},
    pages = {123--137},
}

@article{woodard2017predicting,
  title={Predicting travel time reliability using mobile phone GPS data},
  author={Woodard, Dawn and Nogin, Galina and Koch, Paul and Racz, David and Goldszmidt, Moises and Horvitz, Eric},
  journal={Transportation Research Part C: Emerging Technologies},
  volume={75},
  pages={30--44},
  year={2017},
  publisher={Elsevier}
}

@article{hou2018network,
  title={Network scale travel time prediction using deep learning},
  author={Hou, Yi and Edara, Praveen},
  journal={Transportation Research Record},
  volume={2672},
  number={45},
  pages={115--123},
  year={2018},
  publisher={SAGE Publications Sage CA: Los Angeles, CA}
}

@article{sharmila2019svm,
  title={SVM-based hybrid approach for corridor-level travel-time estimation},
  author={Sharmila, RB and Velaga, Nagendra R and Kumar, Akhilesh},
  journal={IET Intelligent Transport Systems},
  volume={13},
  number={9},
  pages={1429--1439},
  year={2019},
  publisher={Wiley Online Library}
}

@article{pamula2023estimation,
  title={Estimation and prediction of the OD matrix in uncongested urban road network based on traffic flows using deep learning},
  author={Pamu{\l}a, Teresa and {\.Z}ochowska, Renata},
  journal={Engineering Applications of Artificial Intelligence},
  volume={117},
  pages={105550},
  year={2023},
  publisher={Elsevier}
}

@article{chen2016multi,
  title={Multi-step prediction of experienced travel times using agent-based modeling},
  author={Chen, Hao and Rakha, Hesham A},
  journal={Transportation Research Part C: Emerging Technologies},
  volume={71},
  pages={108--121},
  year={2016},
  publisher={Elsevier}
}

@article{wang2023dynamic,
  title={Dynamic travel time prediction with spatiotemporal features: using a GNN-based deep learning method},
  author={Wang, Dujuan and Zhu, Jiacheng and Yin, Yunqiang and Ignatius, Joshua and Wei, Xiaowen and Kumar, Ajay},
  journal={Annals of Operations Research},
  pages={1--21},
  year={2023},
  publisher={Springer}
}

@article{rajagopal2022hybrid,
  title={A Hybrid DNN Model for Travel Time Estimation from Spatio-Temporal Features},
  author={Rajagopal, Balaji Ganesh and Kumar, Manish and Samui, Pijush and Kaloop, Mosbeh R and Shahdah, Usama Elrawy},
  journal={Sustainability},
  volume={14},
  number={21},
  pages={14049},
  year={2022},
  publisher={MDPI}
}

@article{vankdoth2023deep,
  title={Deep intelligent transportation system for travel time estimation on spatio-temporal data},
  author={Vankdoth, Srinivasa Rao and Arock, Michael},
  journal={Neural Computing and Applications},
  volume={35},
  number={26},
  pages={19117--19129},
  year={2023},
  publisher={Springer}
}

@article{qiu2021machine,
  title={Machine learning based short-term travel time prediction: Numerical results and comparative analyses},
  author={Qiu, Bo and Fan, Wei},
  journal={Sustainability},
  volume={13},
  number={13},
  pages={7454},
  year={2021},
  publisher={MDPI}
}

@article{jenelius2013travel,
  title={Travel time estimation for urban road networks using low frequency probe vehicle data},
  author={Jenelius, Erik and Koutsopoulos, Haris N},
  journal={Transportation Research Part B: Methodological},
  volume={53},
  pages={64--81},
  year={2013},
  publisher={Elsevier}
}

@inproceedings{derrow2021eta,
  title={Eta prediction with graph neural networks in google maps},
  author={Derrow-Pinion, Austin and She, Jennifer and Wong, David and Lange, Oliver and Hester, Todd and Perez, Luis and Nunkesser, Marc and Lee, Seongjae and Guo, Xueying and Wiltshire, Brett and others},
  booktitle={Proceedings of the 30th ACM International Conference on Information \& Knowledge Management},
  pages={3767--3776},
  year={2021}
}

@article{chiabaut2021traffic,
  title={Traffic congestion and travel time prediction based on historical congestion maps and identification of consensual days},
  author={Chiabaut, Nicolas and Faitout, R{\'e}mi},
  journal={Transportation Research Part C: Emerging Technologies},
  volume={124},
  pages={102920},
  year={2021},
  publisher={Elsevier}
}

@article{li2019travel,
  title={Travel time reliability measure based on predictability using the Lempel--Ziv algorithm},
  author={Li, Huiping and He, Fang and Lin, Xi and Wang, Yinhai and Li, Meng},
  journal={Transportation Research Part C: Emerging Technologies},
  volume={101},
  pages={161--180},
  year={2019},
  publisher={Elsevier}
}

@inproceedings{goudarzi2018travel,
  title={Travel time prediction: comparison of machine learning algorithms in a case study},
  author={Goudarzi, Forough},
  booktitle={2018 IEEE 20th International Conference on High Performance Computing and Communications; IEEE 16th International Conference on Smart City; IEEE 4th International Conference on Data Science and Systems (HPCC/SmartCity/DSS)},
  pages={1404--1407},
  year={2018},
  organization={IEEE}
}

@inproceedings{stanojevic2019mapreuse,
  title={MapReuse: Recycling routing API queries},
  author={Stanojevic, Rade and Abbar, Sofiane and Mokbel, Mohamed},
  booktitle={2019 20th IEEE International Conference on Mobile Data Management (MDM)},
  pages={279--287},
  year={2019},
  organization={IEEE}
}

@article{ludwig2023traffic,
  title={Traffic Speed Modelling to Improve Travel Time Estimation in Openrouteservice},
  author={Ludwig, C and Psotta, J and Buch, A and Kolaxidis, N and Fendrich, S and Zia, M and F{\"u}rle, J and Rousell, A and Zipf, A},
  journal={The International Archives of the Photogrammetry, Remote Sensing and Spatial Information Sciences},
  volume={48},
  pages={109--116},
  year={2023},
  publisher={Copernicus GmbH}
}

@article{macfarlane2021modeling,
  title={Modeling the impacts of park access on health outcomes: A utility-based accessibility approach},
  author={Macfarlane, Gregory S and Boyd, Nico and Taylor, John E and Watkins, Kari},
  journal={Environment and Planning B: Urban Analytics and City Science},
  volume={48},
  number={8},
  pages={2289--2306},
  year={2021},
  publisher={SAGE Publications Sage UK: London, England}
}

@article{pearsall2020locating,
  title={Locating the green space paradox: A study of gentrification and public green space accessibility in Philadelphia, Pennsylvania},
  author={Pearsall, Hamil and Eller, Jillian K},
  journal={Landscape and Urban Planning},
  volume={195},
  pages={103708},
  year={2020},
  publisher={Elsevier}
}

@article{mckenzie2020urban,
  title={Urban mobility in the sharing economy: A spatiotemporal comparison of shared mobility services},
  author={McKenzie, Grant},
  journal={Computers, Environment and Urban Systems},
  volume={79},
  pages={101418},
  year={2020},
  publisher={Elsevier}
}

@article{jiao2021measuring,
  title={Measuring accessibility to grocery stores using radiation model and survival analysis},
  author={Jiao, Junfeng and Azimian, Amin},
  journal={Journal of Transport Geography},
  volume={94},
  pages={103107},
  year={2021},
  publisher={Elsevier}
}

@article{nicoletti2023disadvantaged,
  title={Disadvantaged communities have lower access to urban infrastructure},
  author={Nicoletti, Leonardo and Sirenko, Mikhail and Verma, Trivik},
  journal={Environment and Planning B: Urban Analytics and City Science},
  volume={50},
  number={3},
  pages={831--849},
  year={2023},
  publisher={SAGE Publications Sage UK: London, England}
}

@article{logan2019evaluating,
  title={Evaluating urban accessibility: leveraging open-source data and analytics to overcome existing limitations},
  author={Logan, TM and Williams, TG and Nisbet, AJ and Liberman, KD and Zuo, CT and Guikema, SD},
  journal={Environment and Planning B: Urban Analytics and City Science},
  volume={46},
  number={5},
  pages={897--913},
  year={2019},
  publisher={SAGE Publications Sage UK: London, England}
}

@article{tsou2005accessibility,
  title={An accessibility-based integrated measure of relative spatial equity in urban public facilities},
  author={Tsou, Ko-Wan and Hung, Yu-Ting and Chang, Yao-Lin},
  journal={Cities},
  volume={22},
  number={6},
  pages={424--435},
  year={2005},
  publisher={Elsevier}
}

@article{kuai2017examining,
  title={Examining healthy food accessibility and disparity in Baton Rouge, Louisiana},
  author={Kuai, Xuan and Zhao, Qunshan},
  journal={Annals of GIS},
  volume={23},
  number={2},
  pages={103--116},
  year={2017},
  publisher={Taylor \& Francis}
}

@article{williams2020parks,
  title={Parks and safety: A comparative study of green space access and inequity in five US cities},
  author={Williams, Tim G and Logan, Tom M and Zuo, Connie T and Liberman, Kevin D and Guikema, Seth D},
  journal={Landscape and urban planning},
  volume={201},
  pages={103841},
  year={2020},
  publisher={Elsevier}
}

@article{he2020evaluating,
  title={Evaluating Hong Kong’s spatial planning in new towns from the perspectives of job accessibility, travel mobility, and work--life balance},
  author={He, Sylvia Y and Tao, Sui and Ng, Mee Kam and Tieben, Hendrik},
  journal={Journal of the American Planning Association},
  volume={86},
  number={3},
  pages={324--338},
  year={2020},
  publisher={Taylor \& Francis}
}

@article{salonen2013modelling,
  title={Modelling travel time in urban networks: comparable measures for private car and public transport},
  author={Salonen, Maria and Toivonen, Tuuli},
  journal={Journal of transport Geography},
  volume={31},
  pages={143--153},
  year={2013},
  publisher={Elsevier}
}

@article{scott2008role,
  title={The role of urban form in shaping access to opportunities: An exploratory spatial data analysis},
  author={Scott, Darren M and Horner, Mark W},
  journal={Journal of transport and land use},
  volume={1},
  number={2},
  pages={89--119},
  year={2008},
  publisher={JSTOR}
}

@article{neutens2010equity,
  title={Equity of urban service delivery: a comparison of different accessibility measures},
  author={Neutens, Tijs and Schwanen, Tim and Witlox, Frank and De Maeyer, Philippe},
  journal={Environment and Planning a},
  volume={42},
  number={7},
  pages={1613--1635},
  year={2010},
  publisher={SAGE Publications Sage UK: London, England}
}

@article{wang2013planning,
  title={Planning toward equal accessibility to services: a quadratic programming approach},
  author={Wang, Fahui and Tang, Quan},
  journal={Environment and Planning B: Planning and Design},
  volume={40},
  number={2},
  pages={195--212},
  year={2013},
  publisher={SAGE Publications Sage UK: London, England}
}

@article{grengs2010intermetropolitan,
  title={Intermetropolitan comparison of transportation accessibility: sorting out mobility and proximity in San Francisco and Washington, DC},
  author={Grengs, Joe and Levine, Jonathan and Shen, Qing and Shen, Qingyun},
  journal={Journal of Planning Education and Research},
  volume={29},
  number={4},
  pages={427--443},
  year={2010},
  publisher={SAGE Publications Sage CA: Los Angeles, CA}
}

@article{yan2021toward,
  title={Toward accessibility-based planning: Addressing the myth of travel cost savings},
  author={Yan, Xiang},
  journal={Journal of the American Planning Association},
  volume={87},
  number={3},
  pages={409--423},
  year={2021},
  publisher={Taylor \& Francis}
}

@article{levine2012does,
  title={Does accessibility require density or speed? A comparison of fast versus close in getting where you want to go in US metropolitan regions},
  author={Levine, Jonathan and Grengs, Joe and Shen, Qingyun and Shen, Qing},
  journal={Journal of the American Planning Association},
  volume={78},
  number={2},
  pages={157--172},
  year={2012},
  publisher={Taylor \& Francis}
}

@article{fielbaum2021assessment,
  title={Assessment of the socio-spatial effects of urban transport investment using Google Maps API},
  author={Fielbaum, Andr{\'e}s and Jara-Diaz, Sergio},
  journal={Journal of Transport Geography},
  volume={91},
  pages={102993},
  year={2021},
  publisher={Elsevier}
}

@article{costa2021spatial,
  title={Spatial disparity of income-weighted accessibility in Brazilian Cities: Application of a Google Maps API},
  author={Costa, Cayo and Ha, Jaehyun and Lee, Sugie},
  journal={Journal of Transport Geography},
  volume={90},
  pages={102905},
  year={2021},
  publisher={Elsevier}
}

@article{swayne2021integrating,
  title={Integrating transit data and travel time into food security analysis: A case study of San Diego, California},
  author={Swayne, Madison RE and Lowery, Bryce C},
  journal={Applied Geography},
  volume={131},
  pages={102461},
  year={2021},
  publisher={Elsevier}
}

@article{hu2020estimating,
  title={Estimating a large drive time matrix between ZIP codes in the United States: A differential sampling approach},
  author={Hu, Yujie and Wang, Changzhen and Li, Ruiyang and Wang, Fahui},
  journal={Journal of transport geography},
  volume={86},
  pages={102770},
  year={2020},
  publisher={Elsevier}
}

@article{cuervo2022dynamic,
  title={Dynamic accessibility by car to tertiary care emergency services in Cali, Colombia, in 2020: cross-sectional equity analyses using travel time big data from a Google API},
  author={Cuervo, Luis Gabriel and Martinez-Herrera, Eliana and Osorio, Lyda and Hatcher-Roberts, Janet and Cuervo, Daniel and Bula, Maria Olga and Pinilla, Luis Fernando and Piquero, Felipe and Jaramillo, Ciro},
  journal={BMJ open},
  volume={12},
  number={9},
  pages={e062178},
  year={2022},
  publisher={British Medical Journal Publishing Group}
}

@article{wang2011estimating,
  title={Estimating O--D travel time matrix by Google Maps API: implementation, advantages, and implications},
  author={Wang, Fahui and Xu, Yanqing},
  journal={Annals of GIS},
  volume={17},
  number={4},
  pages={199--209},
  year={2011},
  publisher={Taylor \& Francis}
}

@article{chen2020communities,
  title={Which communities have better accessibility to green space? An investigation into environmental inequality using big data},
  author={Chen, Yang and Yue, Wenze and La Rosa, Daniele},
  journal={Landscape and Urban Planning},
  volume={204},
  pages={103919},
  year={2020},
  publisher={Elsevier}
}

@article{hwang2024measuring,
  title={Measuring Transit Equity of an On-Demand Multimodal Transit System},
  author={Hwang, Uijeong and Lieu, Seung Jae and Guan, Hongzhao and Dalmeijer, Kevin and van Hentenryck, Pascal and Guhathakurta, Subhrajit},
  journal={Journal of the American Planning Association},
  pages={1--16},
  year={2024},
  publisher={Taylor \& Francis}
}

@article{lin2021impact,
  title={Impact of travel time uncertainties on modeling of spatial accessibility: a comparison of street data sources},
  author={Lin, Yan and Lippitt, Christopher and Beene, Daniel and Hoover, Joseph},
  journal={Cartography and geographic information science},
  volume={48},
  number={6},
  pages={471--490},
  year={2021},
  publisher={Taylor \& Francis}
}

@article{fu2023comparative,
  title={a Comparative Study of Methods for Drive Time Estimation on Geospatial Big Data: a Case Study in USA},
  author={Fu, X and Kakkar, D and Chen, J and Moynihan, KM and Hegland, TA and Blossom, J},
  journal={The International Archives of the Photogrammetry, Remote Sensing and Spatial Information Sciences},
  volume={48},
  pages={53--60},
  year={2023},
  publisher={Copernicus Publications G{\"o}ttingen, Germany}
}

@article{alsobky2020estimating,
  title={Estimating free flow speed using Google Maps API: accuracy, limitations, and applications.},
  author={Alsobky, A and Mousa, R},
  journal={Advances in Transportation Studies},
  volume={50},
  year={2020}
}

@article{boeing_modeling_2025,
  author    = {Boeing, Geoff},
  journal   = {Geographical Analysis},
  volume    = {published online ahead of print},
  title     = {Modeling and {Analyzing} {Urban} {Networks} and
          {Amenities} with {OSMnx}},
  year      = {2025}
}

@article{florczyk2019description,
  title={Description of the GHS urban centre database 2015},
  author={Florczyk, AJ and Melchiorri, Michele and Corbane, Christina and Schiavina, Marcello and Maffenini, M and Pesaresi, Martino and Politis, Panagiotis and Sabo, S and Freire, S and Ehrlich, Daniele and others},
  journal={Public release},
  volume={1},
  pages={1--75},
  year={2019}
}

@article{delmelle2019travel,
  title={Travel impedance agreement among online road network data providers},
  author={Delmelle, Eric M and Marsh, Derek M and Dony, Coline and Delamater, Paul L},
  journal={International Journal of Geographical Information Science},
  volume={33},
  number={6},
  pages={1251--1269},
  year={2019},
  publisher={Taylor \& Francis}
}

@misc{GHS2019,
    author = {{Global Human Settlement Layer}},
    title = {{GHS Urban Centre Database (R2019A)}},
    year={2019},
    note = {accessed on: 2023-09-23},
    howpublished = {\url{https://human-settlement.emergency.copernicus.eu/download.php?ds=ucdb}}}
}

@misc{ubermovement2020,
    author = {{Uber Technologies, Inc}},
    title = {{Uber Movement}},
    year={2020},
    note = {accessed on: 2023-09-17},
    howpublished = {\url{https://movement.uber.com}}}
}

@article{acharya2025enriching,
  title={Enriching OpenStreetMap network data for transportation applications: Insights into the impact of urban congestion on accessibility},
  author={Acharya, Sailesh and Garikapati, Venu M and Allen, Michael and Lyu, Mingdong and Hoehne, Christopher and Sharda, Shivam and Fitzgerald, Robert},
  journal={Journal of Transport Geography},
  volume={123},
  pages={104096},
  year={2025},
  publisher={Elsevier}
}

@article{carrion2012value,
  title={Value of travel time reliability: A review of current evidence},
  author={Carrion, Carlos and Levinson, David},
  journal={Transportation research part A: policy and practice},
  volume={46},
  number={4},
  pages={720--741},
  year={2012},
  publisher={Elsevier}
}

@article{yiannakoulias2013estimating,
  title={Estimating the effect of turn penalties and traffic congestion on measuring spatial accessibility to primary health care},
  author={Yiannakoulias, Nikolaos and Bland, Widmer and Svenson, Lawrence W},
  journal={Applied Geography},
  volume={39},
  pages={172--182},
  year={2013},
  publisher={Elsevier}
}

@article{zhang2015gradient,
  title={A gradient boosting method to improve travel time prediction},
  author={Zhang, Yanru and Haghani, Ali},
  journal={Transportation Research Part C: Emerging Technologies},
  volume={58},
  pages={308--324},
  year={2015},
  publisher={Elsevier}
}

@article{giles2022creating,
  title={Creating healthy and sustainable cities: what gets measured, gets done},
  author={Giles-Corti, Billie and Moudon, Anne Vernez and Lowe, Melanie and Adlakha, Deepti and Cerin, Ester and Boeing, Geoff and Higgs, Carl and Arundel, Jonathan and Liu, Shiqin and Hinckson, Erica and others},
  journal={The Lancet Global Health},
  volume={10},
  number={6},
  pages={e782--e785},
  year={2022},
  publisher={Elsevier}
}
